@article{ID1, 
author={M. {Lopez-Sanz} and C. J. {Acuna} and C. E. {Cuesta} and E. {Marcos}}, 
booktitle={Seventh Working IEEE/IFIP Conference on Software Architecture (WICSA 2008)}, 
title={Defining Service-Oriented Software Architecture Models for a MDA-based Development Process at the PIM level}, 
year={2008}, 
volume={}, 
number={}, 
pages={309-312}, 
keywords={formal specification;software architecture;Unified Modeling Language;service-oriented software architecture;model driven architecture;software development;service orientation;software engineering;MIDAS methodological framework;PIM-level architecture model;UML modelling;Software architecture;Proposals;Computer architecture;Unified modeling language;Programming;Software engineering;Service oriented architecture;Contracts;Assembly;Web services;Service-Oriented Software Architectures;Model-Driven Architecture;PIM-level modelling}, 
doi={10.1109/WICSA.2008.15}, 
ISSN={}, 
month={Feb},}
@article{ID2, 
author={C. {Lima}}, 
booktitle={2017 IEEE/ACM 39th International Conference on Software Engineering Companion (ICSE-C)}, 
title={Product Line Architecture Recovery: An Approach Proposal (Extended Abstract)}, 
year={2017}, 
volume={}, 
number={}, 
pages={481-482}, 
keywords={software architecture;software product lines;source code (software);product line architecture recovery;software product line projects;SPL projects;software architecture recovery;PLA recovery;SAR techniques;PLA design;architectural variability;PLA variability traceability;empirical evaluation;Programmable logic arrays;Computer architecture;Software architecture;Tools;Guidelines;Proposals;Software product lines;Software architecture;Software Product Line;Product Line Architecture}, 
doi={10.1109/ICSE-C.2017.38}, 
ISSN={}, 
month={May},}
