@book{MetSB,
	author = {S, Bolanos},
	title = {Metaproceso de Software},
}

@misc{ArchiMat55:online,
author = {},
title = {ArchiMateÂ® 2.1 Specification},
howpublished = {\url{http://pubs.opengroup.org/architecture/archimate2-doc/}},
month = {},
year = {},
note = {(Accessed on 04/21/2019)}
}